@misc{RTTData,
  title = {{Realtime Trains | Data Sources}},
  author = {{swlines Ltd.}},
  howpublished = {\url{http://www.realtimetrains.co.uk/about/sources}},
  note = {Accessed: 2014-12-05}
}
@misc{TrackerNetSpec,
  title = {{Transport for London Network Status \& Train Prediction Services Development Beta SDK v0.2}},
  author = {{Transport for London}},
  howpublished = {\url{http://www.tfl.gov.uk/cdn/static/cms/documents/trackernet-data-services-guide-beta.pdf}},
  note = {Accessed: 2014-12-01}
}
@misc{TfLWTT,
  title = {{Working Timetables (WTT) - Transport for London}},
  author = {{Transport for London}},
  howpublished = {\url{https://www.tfl.gov.uk/corporate/publications-and-reports/working-timetables}},
  note = {Accessed: 2014-11-25}
}
@misc{TransXChangeSpec,
  title = {{TransXChange - GOV.UK}},
  author = {{Department for Transport}},
  howpublished = {\url{https://www.gov.uk/government/collections/transxchange}},
  note = {Accessed: 2014-12-08}
}
